<?xml version="1.0" encoding="UTF-8"?><record xmlns="http://www.loc.gov/MARC21/slim" xmlns:cinclude="http://apache.org/cocoon/include/1.0" xmlns:zs="http://www.loc.gov/zing/srw/">
  <leader>00582nz  a2200157n  4500</leader>
  <controlfield tag="001">n 2014076399</controlfield>
  <controlfield tag="003">DLC</controlfield>
  <controlfield tag="005">20141210092642.0</controlfield>
  <controlfield tag="008">141210n| azannaabn          |a ana      </controlfield>
  <datafield tag="010" ind1=" " ind2=" ">
    <subfield code="a">n 2014076399</subfield>
  </datafield>
  <datafield tag="040" ind1=" " ind2=" ">
    <subfield code="a">DLC</subfield>
    <subfield code="b">eng</subfield>
    <subfield code="e">rda</subfield>
    <subfield code="c">DLC</subfield>
  </datafield>
  <datafield tag="110" ind1="2" ind2=" ">
    <subfield code="a">Repozytorium Cyfrowe Instytutów Naukowych (Poland)</subfield>
  </datafield>
  <datafield tag="410" ind1="2" ind2=" ">
    <subfield code="a">Digital Repository of Scientific Institutes (Poland)</subfield>
  </datafield>
  <datafield tag="410" ind1="2" ind2=" ">
    <subfield code="a">RCIN</subfield>
  </datafield>
  <datafield tag="410" ind1="2" ind2=" ">
    <subfield code="a">DRSI</subfield>
  </datafield>
  <datafield tag="670" ind1=" " ind2=" ">
    <subfield code="a">Repozytorium Cyfrowe Instytutów Naukowych, 2014:</subfield>
    <subfield code="b">t.p. (Repozytorium Cyfrowe Instytutów Naukowych) p. 3 (RCIN) p. 7 (Digital Repository of Scientific Institutes (DRSI))</subfield>
  </datafield>
</record>